@book{Richard,
  title = {Applications of Abstract with MAPLE},
  publisher = {CRC Press LLC},
  year = {2000},
  author = {R. E. Klima and N. Sigmon and E. Stitzinger},
  address = {U.S.A.}
}


@book{bard2009algebraic,
  title={Algebraic cryptanalysis},
  author={Bard, Gregory},
  year={2009},
  publisher={Springer Science \& Business Media}
}

@book{Lint:1998:ICT:552386,
 author = {Lint, J. H. Van},
 title = {Introduction to Coding Theory},
 year = {1998},
 isbn = {3540641335},
 edition = {3rd},
 publisher = {Springer-Verlag New York, Inc.},
 address = {Secaucus, NJ, USA},
} 

@article{davis1958reductions,
  title={Reductions of Hilbert's tenth problem},
  author={Davis, Martin and Putnam, Hilary},
  journal={The Journal of Symbolic Logic},
  volume={23},
  number={02},
  pages={183--187},
  year={1958},
  publisher={Cambridge Univ Press}
}

@inbook{Berkhin2006,
  chapter = {2},
  pages = {25-71},
  title = {A Survey of Clustering Data Mining Techniques},
  year = {2006},
  editor = {Luiz Gonzaga and Leandro Gazoni},
  author = {P. Berkhin},
  booktitle = {Grouping Multidimensional Data: Recent Advances in Clustering}
}

@book{BONABEAU,
  title = {Swarm Intelligence from Natural to Artificial System},
  publisher = {Oxford University Press},
  year = {1999},
  author = {E. Bonabeau and M. Dorigo and Guy Theraulaz},
  edition = {1}
}

@MISC{CORUS05,
  author = {Corus},
  title = {Celsius$\textregistered$ structural hollow sections -- Structural
	\& Conveyance Business},
  year = {2005},
  note = {http://www.corusgroup.com/file\underline{ }source/StaticFiles/Business
	Units/Corus Tubes/CT06-Hot finished Celsius 05-05-05.pdf (acessado
	em 01/01/2005)}
}

@INPROCEEDINGS{GOLDBERG,
  author = {D. E. Goldberg and M. P. Samtani.},
  title = {Engineering Optimization via Genetic Algorithms},
  booktitle = {9th Conf. Electronic Computation},
  year = {1986},
  pages = {471-482},
  address = {New York, N.Y.},
  institution = {ASCE}
}

@MASTERSTHESIS{Gomes2006,
  author = {D. E. B. Gomes},
  title = {Estudo da falcipa\' ina-2 em complexo com ligantes por modelagem
	e din\^ amica molecular como suporte ao desenvolvimento racional
	de novos f\' armacos antimal\' aricos},
  school = {Instituto de Biof\' isica Carlos Chagas Filho - Universidade Federal
	do Rio de Janeiro / Brasil},
  year = {2006}
}

@INCOLLECTION{MANIEZZO,
  author = {V. Maniezzo and L. M. Gambardella and F. Luigi},
  title = {Ant Colony Optimization},
  booktitle = {New Optimization Techniques in Engineering},
  publisher = {Springer-Verlag Berlin Heidelberg},
  year = {2004},
  editor = {G. C. Onwubolu and B. V. Babu},
  chapter = {5},
  pages = {101-117}
}

@UNPUBLISHED{ANENPI2006,
  author = {T. D. Otto and A. C. R. Guimaraes and M. Lemos and L. F. B. Seibel
	and J. A. Macedo and W. S. Degrave and A. B. Bas\'ilio},
  title = {AnEn$\pi$: Identification and annotation of analogous enzymes},
  note = {Submited to Bioinformatics. AnEn$\pi$ is available at http://www.dbbm.fiocruz.br/AnEnPi
	for academic use},
  year = {2006}
}

@phdthesis{Rossle2004,
  author = {S. C. S. R\"ossle},
  title = {Desenvolvimento de um sistema computacional para modelagem comparativa
	em gen\^omica estrutural: An\'alise de seq\"u\^encias do genama da
	{\it Gluconacetobacter diazotrophicus}},
  school = {Instituto de Biof\' isica Carlos Chagas Filho - Universidade Federal
	do Rio de Janeiro / Brasil},
  year = {2004}
}

@inbook{chicago,
  pages = {400--401},
  title = {The Chicago Manual of Style},
  publisher = {University of Chicago Press},
  year = {1982},
  edition = {30},
  key = {Chicago}
}

@Inbook{Patarin1996,
author="Patarin, Jacques",
editor="Maurer, Ueli",
chapter="Hidden Fields Equations (HFE) and Isomorphisms of Polynomials (IP): Two New Families of Asymmetric Algorithms",
title="Advances in Cryptology --- EUROCRYPT '96: International Conference on the Theory and Application of Cryptographic Techniques Saragossa, Spain, May 12--16, 1996 Proceedings",
year="1996",
publisher="Springer Berlin Heidelberg",
address="Berlin, Heidelberg",
pages="33-48",
isbn="978-3-540-68339-1",
doi="10.1007/3-540-68339-9_4",
url="http://dx.doi.org/10.1007/3-540-68339-9\_4"
}

@book{Schneier1995,
 author = {Schneier, Bruce},
 title = {Applied Cryptography (2Nd Ed.): Protocols, Algorithms, and Source Code in C},
 year = {1995},
 isbn = {0-471-11709-9},
 publisher = {John Wiley \& Sons, Inc.},
 address = {New York, NY, USA},
} 

@ARTICLE{Tsujii1985,
  author = {S. Tsujii},
  title = {Public key cryptosystem using nonlinear equations},
  journal = {Proc. 8th SITA},
  year = {1985},
  pages = {156-157}
}

@article{KasaharaS04,
  author    = {Masao Kasahara and
               Ryuichi Sakai},
  title     = {A Construction of Public Key Cryptosystem for Realizing Ciphertext
               of Size 100 Bit and Digital Signature Scheme},
  journal   = {{IEICE} Transactions},
  volume    = {87-A},
  number    = {1},
  pages     = {102--109},
  year      = {2004},
  biburl    = {http://dblp.uni-trier.de/rec/bib/journals/ieicet/KasaharaS04},
  bibsource = {dblp computer science bibliography, http://dblp.org}
}

@Inbook{Tao2013,
author="Tao, Chengdong
and Diene, Adama
and Tang, Shaohua
and Ding, Jintai",
editor="Gaborit, Philippe",
chapter="Simple Matrix Scheme for Encryption",
title="Post-Quantum Cryptography: 5th International Workshop, PQCrypto 2013, Limoges, France, June 4-7, 2013. Proceedings",
year="2013",
publisher="Springer Berlin Heidelberg",
address="Berlin, Heidelberg",
pages="231--242",
isbn="978-3-642-38616-9",
doi="10.1007/978-3-642-38616-9_16",
url="http://dx.doi.org/10.1007/978-3-642-38616-9\_16"
}

@Inbook{Ding2014,
author="Ding, Jintai
and Petzoldt, Albrecht
and Wang, Lih-chung",
editor="Mosca, Michele",
chapter="The Cubic Simple Matrix Encryption Scheme",
title="Post-Quantum Cryptography: 6th International Workshop, PQCrypto 2014, Waterloo, ON, Canada, October 1-3, 2014. Proceedings",
year="2014",
publisher="Springer International Publishing",
address="Cham",
pages="76--87",
isbn="978-3-319-11659-4",
doi="10.1007/978-3-319-11659-4z\_5",
url="http://dx.doi.org/10.1007/978-3-319-11659-4z\_5"
}

@article{Tao2015,
 author = {Tao, Chengdong and Xiang, Hong and Petzoldt, Albrecht and Ding, Jintai},
 title = {Simple Matrix - A Multivariate Public Key Cryptosystem (MPKC) for Encryption},
 journal = {Finite Fields Appl.},
 volume = {35},
 number = {C},
 month = sep,
 year = {2015},
 issn = {1071-5797},
 pages = {352--368},
 numpages = {17},
 url = {http://dx.doi.org/10.1016/j.ffa.2015.06.001},
 doi = {10.1016/j.ffa.2015.06.001},
 acmid = {2824713},
 publisher = {Elsevier Science Publishers B. V.},
 address = {Amsterdam, The Netherlands, The Netherlands},
 keywords = {20.040, Encryption schemes, Multivariate cryptography, Public key cryptography, Rank attacks},
} 

@phdthesis{wolfphdthesis,
  author       = {Christopher Wolf}, 
  title        = {Multivariate Quadratic Polynomials in Public Key Cryptography},
  school       = {Katholieke Universiteit Leuven},
  year         = 2005,
  address      = {The address of the publisher}
}


@Inbook{Moody2014,
author="Moody, Dustin
and Perlner, Ray
and Smith-Tone, Daniel",
editor="Mosca, Michele",
chapter="An Asymptotically Optimal Structural Attack on the ABC Multivariate Encryption Scheme",
title="Post-Quantum Cryptography: 6th International Workshop, PQCrypto 2014, Waterloo, ON, Canada, October 1-3, 2014. Proceedings",
year="2014",
publisher="Springer International Publishing",
address="Cham",
pages="180--196",
isbn="978-3-319-11659-4",
doi="10.1007/978-3-319-11659-4_11",
url="http://dx.doi.org/10.1007/978-3-319-11659-4\_11"
}

@Inbook{Kipnis1999,
author="Kipnis, Aviad
and Patarin, Jacques
and Goubin, Louis",
editor="Stern, Jacques",
chapter="Unbalanced Oil and Vinegar Signature Schemes",
title="Advances in Cryptology --- EUROCRYPT '99: International Conference on the Theory and Application of Cryptographic Techniques Prague, Czech Republic, May 2--6, 1999 Proceedings",
year="1999",
publisher="Springer Berlin Heidelberg",
address="Berlin, Heidelberg",
pages="206--222",
isbn="978-3-540-48910-8",
doi="10.1007/3-540-48910-X\_15",
url="http://dx.doi.org/10.1007/3-540-48910-X\_15"
}



@article{Petzoldt2016,
  author    = {Albrecht Petzoldt and
               Jintai Ding and
               Lih{-}chung Wang},
  title     = {Eliminating Decryption Failures from the Simple Matrix Encryption
               Scheme},
  journal   = {{IACR} Cryptology ePrint Archive},
  volume    = {2016},
  pages     = {10},
  year      = {2016},
  url       = {http://eprint.iacr.org/2016/010},
  timestamp = {Tue, 09 Feb 2016 15:52:36 +0100},
  biburl    = {http://dblp.uni-trier.de/rec/bib/journals/iacr/PetzoldtDW16},
  bibsource = {dblp computer science bibliography, http://dblp.org}
}

@CONFERENCE{Patarin1997,
author = {Jacques Patarin},
title = {The Oil and Vinegar signature scheme},
booktitle = {Dagstuhl Workshop on
Cryptography},
year = {1997}
}

@Inbook{Thomae2012,
author="Thomae, Enrico and Wolf, Christopher",
editor="Fischlin, Marc and Buchmann, Johannes and Manulis, Mark", chapter="Solving Underdetermined Systems of Multivariate Quadratic Equations Revisited",
title="Public Key Cryptography -- PKC 2012: 15th International Conference on Practice and Theory in Public Key Cryptography, Darmstadt, Germany, May 21-23, 2012. Proceedings", year="2012",
publisher="Springer Berlin Heidelberg", address="Berlin, Heidelberg",
pages="156--171",
isbn="978-3-642-30057-8",
doi="10.1007/978-3-642-30057-8\_10",
url="http://dx.doi.org/10.1007/978-3-642-30057-8\_10"
}

@phdthesis{AlbrechtPetzoldt2013,
  author = {Albrecht Petzoldt},
  title = {Selecting and Reducing Key Sizes for Multivariate
Cryptography},
  school = {Instituto de Biof\' isica Carlos Chagas Filho - Universidade Federal
	do Rio de Janeiro / Brasil},
  year = {2013}
}

@inproceedings{DBLP:conf/fdtc/VasquezBPL15,
  author    = {Juan del Carmen Grados Vasquez and
               F{\'{a}}bio Borges and
               Renato Portugal and
               Pedro C. S. Lara},
  title     = {An Efficient One-Bit Model for Differential Fault Analysis on Simon
               Family},
  booktitle = {2015 Workshop on Fault Diagnosis and Tolerance in Cryptography, {FDTC}
               2015, Saint Malo, France, September 13, 2015},
  pages     = {61--70},
  year      = {2015},
  crossref  = {DBLP:conf/fdtc/2015},
  url       = {http://dx.doi.org/10.1109/FDTC.2015.18},
  doi       = {10.1109/FDTC.2015.18},
  timestamp = {Wed, 23 Mar 2016 10:54:03 +0100},
  biburl    = {http://dblp.uni-trier.de/rec/bib/conf/fdtc/VasquezBPL15},
  bibsource = {dblp computer science bibliography, http://dblp.org}
}

@article{Barreto:2011:OSS:1922690.1922979,
 author = {Barreto, Paulo S. L. M. and Misoczki, Rafael and Simplicio Jr., Marcos A.},
 title = {One-time Signature Scheme from Syndrome Decoding over Generic Error-correcting Codes},
 journal = {J. Syst. Softw.},
 issue_date = {February, 2011},
 volume = {84},
 number = {2},
 month = feb,
 year = {2011},
 issn = {0164-1212},
 pages = {198--204},
 numpages = {7},
 url = {http://dx.doi.org/10.1016/j.jss.2010.09.016},
 doi = {10.1016/j.jss.2010.09.016},
 acmid = {1922979},
 publisher = {Elsevier Science Inc.},
 address = {New York, NY, USA},
 keywords = {14G50, 94A60, Digital signatures, Post-quantum cryptography, Syndrome decoding problem},
} 

@book{book:MacWilliams:Sloane,
  title = {The Theory of Error Correcting Codes},
  publisher = {North-Holland Publishing Company},
  year = {1977},
  edition = 1,
  author = {F. J. MacWilliams and N. J. A. Sloane},
  isbn = {0444850090}
}

@Inbook{Wolf2005,
author="Wolf, Christopher
and Braeken, An
and Preneel, Bart",
editor="Blundo, Carlo
and Cimato, Stelvio",
title="Efficient Cryptanalysis of RSE(2)PKC and RSSE(2)PKC",
bookTitle="Security in Communication Networks: 4th International Conference, SCN 2004, Amalfi, Italy, September 8-10, 2004, Revised Selected Papers",
year="2005",
publisher="Springer Berlin Heidelberg",
address="Berlin, Heidelberg",
pages="294--309",
isbn="978-3-540-30598-9",
doi="10.1007/978-3-540-30598-9_21",
url="http://dx.doi.org/10.1007/978-3-540-30598-9\_21"
}

@inproceedings{Goubin:2000:CTC:647096.716863,
 author = {Goubin, Louis and Courtois, Nicolas},
 title = {Cryptanalysis of the TTM Cryptosystem},
 booktitle = {Proceedings of the 6th International Conference on the Theory and Application of Cryptology and Information Security: Advances in Cryptology},
 series = {ASIACRYPT '00},
 year = {2000},
 isbn = {3-540-41404-5},
 pages = {44--57},
 numpages = {14},
 url = {http://dl.acm.org/citation.cfm?id=647096.716863},
 acmid = {716863},
 publisher = {Springer-Verlag},
 address = {London, UK, UK},
} 